@book{graphentheorie,
  author = {Reinhard Diestel},
  interhash = {53f75c75df1c25898923e50fde8fbdaa},
  intrahash = {87b535c61916fe6708a19194c108ff7a},
  publisher = {Springer Verlag},
  title = {{Graphentheorie}},
  year = 2006,
  keywords = {imported},
  owner = {tkirsten},
  biburl = {http://www.bibsonomy.org/bibtex/287b535c61916fe6708a19194c108ff7a/tkirsten}
}

@book{aehnlichkeitssuche,
  author = {I. Schmitt},
  booktitle = {Ähnlichkeitssuche in Multimedia-Datenbanken. Retrieval, Suchalgorithmen und Anfragebehandlung},
  interhash = {915f8b93ebc58c55bfbd9ffe07294a06},
  intrahash = {b2faf49e3042260ad3faf24aa2463e28},
  publisher = {München; Wien: Oldenbourg},
  title = {Ähnlichkeitssuche in Multimedia-Datenbanken. Retrieval, Suchalgorithmen und Anfragebehandlung},
  year = 2006,
  keywords = {Algorithmus Datenbank Information_Retrieval Suche wisamsys0809 Ähnlichkeit},
  bibsonomyusername = {ixam1@gmx.de},
  biburl = {http://www.bibsonomy.org/bibtex/2b2faf49e3042260ad3faf24aa2463e28/ixam1%40gmx.de},
  comment = {},
  abstract = {Das Anliegen von Multimedia-Datenbanksystemen ist die effiziente Datenbankverwaltung von Medienobjekten. Im Gegensatz zur klassischen Datenbanksuche basiert die Suche in Multimedia-Datenbanksystemen häufig auf Ähnlichkeitsvergleichen zwischen Medienobjekten. Für solche inhaltsbasierten Vergleiche werden spezielle Retrieval-Mechanismen eingesetzt. 
Der Hauptbestandteil des Lehrbuchs besteht in der Beschreibung von Verfahren des Multimedia-Retrievals. Dazu diskutiert und vergleicht das Buch Verfahren der Feature-Aufbereitung sowie der Ähnlichkeitsberechnung anhand von Distanz-und Ähnlichkeitsmaßen. Weiterhin werden effiziente Algorithmen zur Suche nach Medienobjekten vorgestellt. Ein Kapitel über die Anfragebearbeitung in Multimedia-Datenbanksystemen rundet das Buch ab. 
Das vorliegende Buch ist als ein Lehrbuch mit vielen Beispielen und Graphiken konzipiert. Es wendet sich an Hörer einer entsprechenden Lehrveranstaltung, aber auch an Informatiker, welche sich in die vorhandenen Konzepte und Verfahren der Ähnlichkeitssuche aus der Sicht der Informatik einarbeiten wollen.}
}

@misc{claus_diplomarbeit,
  author = {Claus Stadler},
  title = {DBpedia live extraction and community driven ontology engineering (Vorläufiger Titel)},
  type = {Diplomarbeit},
  year = 2010,
  keywords = {LinkedData SW SemanticWeb},
}


@misc{lod,
  author = {Chris Bizer and Tom Heath and u.a},
  howpublished = {www4.wiwiss.fu-berlin.de/bizer/pub/LinkingOpenData.pdf},
  interhash = {8f26dcee44161253868ca693c896b453},
  intrahash = {29a1042c955c6319ba615e919bc11066},
  note = {Stand 12.5.2009},
  title = {Interlinking Open Data on the Web},
  url = {www4.wiwiss.fu-berlin.de/bizer/pub/LinkingOpenData.pdf},
  year = 2007,
  keywords = {LinkedData SW SemanticWeb},
  biburl = {http://www.bibsonomy.org/bibtex/229a1042c955c6319ba615e919bc11066/hel}
}

@inproceedings{bbc,
  author = {Georgi Kobilarov and Tom Scott and Yves Raimond and Silver Oliver and Chris Sizemore and Michael Smethurst and Christian Bizer and Robert Lee},
  booktitle = {ESWC},
  crossref = {conf/esws/2009},
  editor = {Lora Aroyo and Paolo Traverso and Fabio Ciravegna and Philipp Cimiano and Tom Heath and Eero Hyvönen and Riichiro Mizoguchi and Eyal Oren and Marta Sabou and Elena Paslaru Bontas Simperl},
  interhash = {1d01a092800bc05eab53382aed6c9825},
  intrahash = {57fbe9e0ef20a34e1d11ee1d8d85cb84},
  pages = {723-737},
  publisher = {Springer},
  series = {Lecture Notes in Computer Science},
  title = {Media Meets Semantic Web - How the BBC Uses DBpedia and Linked Data to Make Connections.},
  url = {http://dblp.uni-trier.de/db/conf/esws/eswc2009.html#KobilarovSROSSBL09},
  volume = 5554,
  year = 2009,
  keywords = {bbc dbpedia linked-open-data},
  ee = {http://dx.doi.org/10.1007/978-3-642-02121-3_53},
  description = {dblp},
  isbn = {978-3-642-02120-6},
  biburl = {http://www.bibsonomy.org/bibtex/257fbe9e0ef20a34e1d11ee1d8d85cb84/gromgull},
  date = {2009-05-23}
}

@inproceedings{wikipedia-vandalism,
    abstract = {The Internet has fostered an unconventional and powerful style of collaboration: "wiki" web sites, where every visitor has the power to become an editor. In this paper we investigate the dynamics of Wikipedia, a prominent, thriving wiki. We make three contributions. First, we introduce a new exploratory data analysis tool, the  history flow  visualization, which is effective in revealing patterns within the wiki context and which we believe will be useful in other collaborative situations as well. Second, we discuss several collaboration patterns highlighted by this visualization tool and corroborate them with statistical analysis. Third, we discuss the implications of these patterns for the design and governance of online collaborative social spaces. We focus on the relevance of authorship, the value of community surveillance in ameliorating antisocial behavior, and how authors with competing perspectives negotiate their differences.},
    address = {New York, NY, USA},
    author = {Vi\'{e}gas, Fernanda B. and Wattenberg, Martin and Dave, Kushal},
    booktitle = {CHI '04: Proceedings of the SIGCHI conference on Human factors in computing systems},
    citeulike-article-id = {76588},
    citeulike-linkout-0 = {http://portal.acm.org/citation.cfm?id=985765},
    citeulike-linkout-1 = {http://dx.doi.org/10.1145/985692.985765},
    doi = {10.1145/985692.985765},
    isbn = {1-58113-702-8},
    keywords = {metrics, roles, wiki},
    location = {Vienna, Austria},
    pages = {575--582},
    posted-at = {2008-06-26 16:52:32},
    priority = {0},
    publisher = {ACM},
    title = {Studying cooperation and conflict between authors with \emph{history flow} visualizations},
    url = {http://dx.doi.org/10.1145/985692.985765},
    year = {2004}
}

@inproceedings{wikipedia-formula-one,
  title = {Case ref. O-169-07: In the matter of application no 2277746C by Formula One Licensing B.V., to register the trade mark: "F1"},
  author = {{UK Government Intellectual Property Office}},
  %publisher = {UK Government Intellectual Property Office},
  url = {http://www.ipo.gov.uk/tm/t-decisionmaking/t-challenge/t-challenge-decision-results/o16907.pdf},
  date = {2007-06-14},
  year = {2007}
}

********************** Wortschatz2DBpedia *****************************************
@article{triplify_challenge_2009_paper,
  author={Quasthoff, M. and Hellmann, S. and Höffner, K.},
  title={Standardized Multilingual Language Resources for the Web of Data},
  year={2009},
  howpublished = {\url{http://triplify.org/files/challenge_2009/languageresources.pdf}}
}
COMMENT@MISC{triplify_challenge_2009_website,
  title = {LOD Triplification Challenge 2009},
  year={2009},
  howpublished = {\url{http://triplify.org/Challenge/2009}}
}
*************************************************************************************

@Article{dbpedia,
	abstract = "The DBpedia project is a community effort to extract structured information from Wikipedia and to make this information accessible on the Web. The resulting DBpedia knowledge base currently describes over 2.6 million entities. For each of these entities, DBpedia defines a globally unique identifier that can be dereferenced over the Web into a rich RDF description of the entity, including human-readable definitions in 30 languages, relationships to other resources, classifications in four concept hierarchies, various facts as well as data-level links to other Web data sources describing the entity. Over the last year, an increasing number of data publishers have begun to set data-level links to DBpedia resources, making DBpedia a central interlinking hub for the emerging Web of Data. Currently, the Web of interlinked data sources around DBpedia provides approximately 4.7 billion pieces of information and covers domains such as geographic information, people, companies, films, music, genes, drugs, books, and scientific publications. This article describes the extraction of the DBpedia knowledge base, the current status of interlinking DBpedia with other data sources on the Web, and gives an overview of applications that facilitate the Web of Data around DBpedia.",
	author = {Christian Bizer and Jens Lehmann and Georgi Kobilarov and S{\"o}ren Auer and Christian Becker and Richard Cyganiak and Sebastian Hellmann},
	citeulike-article-id = "5734461",
	citeulike-linkout-0 = "http://dx.doi.org/10.1016/j.websem.2009.07.002",
	citeulike-linkout-1 = "http://linkinghub.elsevier.com/retrieve/pii/S1570826809000225",
	day = "15",
	doi = "10.1016/j.websem.2009.07.002",
	issn = "15708268",
	journal = "Web Semantics: Science, Services and Agents on the World Wide Web",
	keywords = "dbpedia, linked-data, rdf, web, wiki, wikipedia",
	month = "September",
	number = "3",
	pages = "154--165",
	posted-at = "2009-09-07 12:42:18",
	priority = "2",
	title = "DBpedia - A crystallization point for the Web of Data",
	url = "http://dx.doi.org/10.1016/j.websem.2009.07.002",
	volume = "7",
	year = "2009"
}

@COMMENTMISC{www-dbpedia-download,
  title = {DBpedia 3.3 Downloads},
  howpublished = {\url{http://wiki.dbpedia.org/Downloads}}
}
@COMMENTMISC{www-wortschatz-download,
  title = {Leipzig Corpora Collection Download Page},
  howpublished = {\url{http://corpora.informatik.uni-leipzig.de/download.html}}
}
@MISC{www-wortschatz-deutsch,
  title = {Deutscher Wortschatz - Portal},
  howpublished = {\url{http://wortschatz.uni-leipzig.de}}
}
@MISC{www-wortschatz-international,
  title = {Wortschatz - International Portal},
  howpublished = {\url{http://corpora.informatik.uni-leipzig.de}}
}
@MISC{www-googlecode-wortschatz2dbpedia,
  title = {wortschatz2dbpedia - Project Hosting on Google Code},
  howpublished = {\url{http://code.google.com/p/wortschatz2dbpedia}}
}
@MISC{www-googlecode-nlp2rdf,
  title = {nlp2rdf - Project Hosting on Google Code:},
  howpublished = {\url{http://code.google.com/p/nlp2rdf}}
}

@MISC{nlp2rdf_hellmann_thesis, 
  author = {Sebastian Hellmann},
  booktitle = {In Proceedings of 7th Extended Semantic Web Conference (ESWC 2010). PhD Symposium.},
  title = {The Semantic Gap of Formalized Meaning},
  url = {http://bis.informatik.uni-leipzig.de/SebastianHellmann/files?get=hellmann_thesis_synopsis_2010.pdf},
  year = 2010,
}

@MISC{tiger_corpus_navigator,
  author = {Sebastian Hellmann and Jörg Unbehauen and Christian Chiarcos and Axel-Cyrille Ngonga Ngomo},
  howpublished = {submitted to ACL System Demonstrations 2010},
  title = {The TIGER Corpus Navigator},
  url = {http://bis.informatik.uni-leipzig.de/SebastianHellmann/files?get=corpusnavigation.pdf},
  year = 2010,
}

@inproceedings{dl-learner,
  author = {Jens Lehmann},
  booktitle = {Machine Learning and Data Mining in Pattern Recognition, 5th International  Conference, {MLDM} 2007, Leipzig, Germany, July 18-20, 2007, Proceedings},
  editor = {Petra Perner},
  interhash = {79b039dc714191940963cae740f42679},
  intrahash = {41e5c2a1eecd3580f29b2ed93244e8e9},
  pages = {883--898},
  publisher = {Springer},
  series = {Lecture Notes in Computer Science},
  title = {Hybrid Learning of Ontology Classes},
  url = {http://dx.doi.org/10.1007/978-3-540-73499-4_66},
  volume = 4571,
  year = 2007,
  keywords = {2007 dllearner group_aksw sys:relevantFor:bis sys:relevantFor:infai},
  bibsource = {DBLP, http://dblp.uni-trier.de/db/conf/mldm/mldm2007.html\#Lehmann07},
  bibdate = {2007-08-29},
  description = {publications Jens Lehmann},
  isbn = {978-3-540-73498-7},
  biburl = {http://www.bibsonomy.org/bibtex/241e5c2a1eecd3580f29b2ed93244e8e9/aksw}
}

@MISC{www-dl-learner,
  title = {DL-Learner},
  howpublished = {\url{http://dl-learner.org}}
}
@MISC{www-google-one-trillion-urls,
  title = {We knew the web was big\ldots},
  howpublished = {\url{http://googleblog.blogspot.com/2008/07/we-knew-web-was-big.html}}
}
@article{www-semantic-web-proposal,
  title = {The Semantic Web},
  author = {T. Berners-Lee and J. Hendler and O. Lassila},
  journal = {Scientific American},
  howpublished = {\url{http://www.scientificamerican.com/article.cfm?id=the-semantic-we}b},
  year = {2001}
}
@MISC{www-wikipedia-metacalfesches_gesetz,
  title = {Metcalfesches Gesetz},
  howpublished = {\url{http://de.wikipedia.org/wiki/Metcalfesches_Gesetz}},
  note = {zuletzt abgerufen am 06.10.2009},
}

@MISC{www-linked-data-proposal,
  title = {Linked Data},
  type = {W3C design-issue-Dokument},
  author = {T. Berners-Lee},
  howpublished = {\url{http://www.w3.org/DesignIssues/LinkedData.html}},
  year = {2006},
  urldate = {18.06.2009}
}

@MISC{www-uri,
	author = {T. Berners-Lee, R. Fielding, and L. Masinter},
	title = {Uniform Resource Identifier (URI): Generic Syntax},
	type = {Request for Comments},
	year = {2005},
	howpublished = {\url{http://www.ietf.org/rfc/rfc3986.txt}}
}

@MISC{www-rdf,
	author = {B. M. G. Klyne},
	title = {Resource description framework (rdf): Concepts and abstract syntax},
	type = {W3C Recommendation},
	year = {2004},
	howpublished = {\url{http://www.w3.org/TR/rdf-concepts/}}
}

@MISC{www-sparql,
	author = {E. Prud'hommeaux and A. Seaborne},
	title = {SPARQL Query Language for RDF},
	type = {W3C Recommendation},
	year = {2008},
	howpublished = {\url{http://www.w3.org/TR/rdf-sparql-query/}}
}

@MISC{www-wikipedia-infoboxes,
	title = {Wikipedia. Help on infoboxes.},
	year = {2010},
	howpublished = {\url{http://en.wikipedia.org/w/index.php?title=Help:Infobox&oldid=351932430}}
}

@MISC{english-for-the-computer,
	author = {G R Sampson},
	title = {English for the Computer: The SUSANNE Corpus and Analytic Scheme},
	year = {1995}
}

@PHDTHESIS{thor-dissertation,
  author = {Andreas Thor},
  title = {Automatische Mapping-Verarbeitung auf Webdaten},
  year = {2008},
  type = {Dissertation},
  howpublished = {\url{http://lips.informatik.uni-leipzig.de/pub/2008-6}},
} 

@inproceedings{wortschatz,
 author = {Quasthoff, Uwe},
 title = {Projekt Der Deutsche Wortschatz},
 booktitle = {Linguistik und neue Medien [10. Jahrestagung der GLDV},
 year = {1998},
 isbn = {3-8244-2115-1},
 pages = {93--99},
 publisher = {Deutscher Universit\"{a}ts Verlag},
 }

@INPROCEEDINGS{QRB06,
AUTHOR = {Quasthoff, U. and Richter, M. and Biemann, C.},
TITLE = {Corpus Portal for Search in Monolingual Corpora},
BOOKTITLE = {Proceedings of the LREC 2006},
YEAR = {2006},
ADDRESS = {Genoa, Italy},
howpublished = {\url{http://corpora.informatik.uni-leipzig.de/download/CorpusPortal.pdf}},
}

@MISC{zipf,
 author = {Zipf, G.~K.},
 title = {Relative frequency as a determinant of phonetic change},
 year = {1929},
 howpublished = {Wiederabdruck in den Harvard Studies in Classical Philology, Volume XL}
 }

 @book{analysis,
  author = {Harro Heuser},
  edition = 10,
  interhash = {e3d6e51df75614f20e866f4f0d08a907},
  intrahash = {ad2e4795bc7942c78f2533216fee54cd},
  publisher = {B. G. Teubner},
  title = {Lehrbuch der Analysis Teil 1},
  year = 1993,
  keywords = {Mathematics Analysis},
  owner = {riener},
  biburl = {http://www.bibsonomy.org/bibtex/2ad2e4795bc7942c78f2533216fee54cd/gerhard}
}

********************** ROCCHIO ALGORITHM *****************************************

@inbook{rocchio_algorithm,
    author = {Rocchio, J.},
    booktitle = {The SMART Retrieval System},
    citeulike-article-id = {2790518},
    citeulike-linkout-0 = {http://scholar.google.com/scholar?hl=en&#38;lr=&#38;client=firefox-a&#38;q=relevance+feedback+in+information+retrieval&#38;btnG=Search},
    keywords = {plurality, relevancefeedback, rocchio},
    pages = {313--323},
    posted-at = {2008-05-12 20:07:47},
    priority = {2},
    title = {Relevance Feedback in Information Retrieval},
    url = {http://scholar.google.com/scholar?hl=en&#38;lr=&#38;client=firefox-a&#38;q=relevance+feedback+in+information+retrieval&#38;btnG=Search},
    year = {1971}
}

@inproceedings{relevance_feedback_using_support_vector_machines,
 author = {Drucker, Harris and Shahrary, Behzad and Gibbon, David},
 title = {Relevance Feedback using Support Vector Machines},
 booktitle = {ICML '01: Proceedings of the Eighteenth International Conference on Machine Learning},
 year = {2001},
 isbn = {1-55860-778-1},
 pages = {122--129},
 publisher = {Morgan Kaufmann Publishers Inc.},
 address = {San Francisco, CA, USA},
 }

@inproceedings {a_hybrid_relevance-feedback_approach_to_text,
author = {Z. Xu and X. Xu and K. Yu and V. Tresp},
title = {A Hybrid Relevance-Feedback Approach to Text Retrieval},
year = {2003},
booktitle = {Proceedings of the 25th European Conference on Information Retrieval Research (ECIR 2003)},
publisher = {Springer},
volume = {2633},
series = {LNCS},
pages = {281-293},
month = {April},
address = {Pisa, Italy}
}
********************** ONTOLOGIE ********************************
@InProceedings{ontology-based_interface_specifications,
  author = {Ekaterina Buyko, Christian Chiarcos and Antonio Pareja-Lora},
  title = {Ontology-Based Interface Specifications for a NLP Pipeline Architecture},
  booktitle = {Proceedings of the Sixth International Language Resources and Evaluation (LREC'08)},
  year = {2008},
  month = {may},
  date = {28-30},
  address = {Marrakech, Morocco},
  editor = {Nicoletta Calzolari (Conference Chair), Khalid Choukri, Bente Maegaard, Joseph Mariani, Jan Odjik, Stelios Piperidis, Daniel Tapias},
  publisher = {European Language Resources Association (ELRA)},
  isbn = {2-9517408-4-0},
  note = {http://www.lrec-conf.org/proceedings/lrec2008/},
  language = {english}
  } 
********************** PARSER ********************************

@article{gold67limit,
  author={E. Mark Gold},
  title={Language identification in the limit},
  journal={Information and Control},
  year={1967},
  volume={10},
  number={5},
  pages={447-474},
  url={http://www.isrl.uiuc.edu/~amag/langev/paper/gold67limit.html}
}

@inproceedings{accurate_unlexicalized_parsing,
    abstract = {We demonstrate that an unlexicalized PCFG can parse much more accurately than previously shown, by making use of simple, linguistically motivated state splits, which break down false independence assumptions latent in a vanilla treebank grammar. Indeed, its performance of 86.36\% (LP/LR F 1 ) is better than that of early  lexicalized  PCFG models, and surprisingly close to the current state-of-the-art. This result has potential uses beyond establishing a strong lower bound on the maximum possible accuracy of unlexicalized models: an unlexicalized PCFG is much more compact, easier to replicate, and easier to interpret than more complex lexical models, and the parsing algorithms are simpler, more widely understood, of lower asymptotic complexity, and easier to optimize.},
    address = {Morristown, NJ, USA},
    author = {Klein, Dan and Manning, Christopher D.},
    booktitle = {ACL '03: Proceedings of the 41st Annual Meeting on Association for Computational Linguistics},
    citeulike-article-id = {4211389},
    citeulike-linkout-0 = {http://portal.acm.org/citation.cfm?id=1075150},
    citeulike-linkout-1 = {http://dx.doi.org/10.3115/1075096.1075150},
    doi = {10.3115/1075096.1075150},
    keywords = {consumer, nlp},
    location = {Sapporo, Japan},
    pages = {423--430},
    posted-at = {2009-03-23 21:17:47},
    priority = {2},
    publisher = {Association for Computational Linguistics},
    title = {Accurate unlexicalized parsing},
    url = {http://dx.doi.org/10.3115/1075096.1075150},
    year = {2003}
}

@techreport{dependency_grammar_and_dependency_parsing,
  author = {Joakim Nivre},
  institution = {V\"{a}xj\"{o} University: School of Mathematics and Systems Engineering},
  interHash = {a8cc5b80ac5d52a9189206bbee2b210c},
  intraHash = {6a4055ef3725a31e21d2d40bab0a6c03},
  title = {Dependency Grammar and Dependency Parsing},
  year = {2005},
  file = {:Parsing\\[Nivre, Joakim] Dependency Grammar and Dependency Parsing.pdf:PDF},
  priority = {4},
  at = {2006-08-31 17:29:54}
}


********************** WORD SENSE DISAMBIGUATION ********************************
@inproceedings{conf/naacl/Mihalcea07,
  author = {Rada Mihalcea},
  booktitle = {HLT-NAACL},
  crossref = {conf/naacl/2007},
  editor = {Candace L. Sidner and Tanja Schultz and Matthew Stone and ChengXiang Zhai},
  interHash = {fd51d3221ba764562b83eaeb90a01cc1},
  intraHash = {041e3595c8f7b873fa5da3c79a711dd7},
  pages = {196-203},
  publisher = {The Association for Computational Linguistics},
  title = {Using Wikipedia for Automatic Word Sense Disambiguation.},
  url = {http://dblp.uni-trier.de/db/conf/naacl/naacl2007.html#Mihalcea07},
  year = {2007},
  ee = {http://www.aclweb.org/anthology/N07-1025},
  date = {2009-04-17}
}

@book{j:ewords,
  address = {Cambridge, MA},
  author = {Yorick Wilks and Brian M. Slator and Louise M. Guthrie},
  interHash = {1e5b719c3acd3da610ef5149e5d39bda},
  intraHash = {09d11a2c7195de29cc289b880ae4b064},
  publisher = {MIT Press},
  title = {Electric Words: Dictionaries, Computers, and Meanings},
  year = {1996}
}

@article{wsd-stateoftheart,
  author = {Nancy Ide and Jean V{{\'e}}ronis},
  interHash = {856fbe672af17a22495a2de41f363049},
  intraHash = {f8fd8f1dcb9dd56d12ec0ad535a105fb},
  journal = {Computational Linguistics},
  number = {1},
  pages = {1-40},
  title = {Word Sense Disambiguation: The State of the Art},
  url = {http://www.up.univ-mrs.fr/{\~{}}veronis/publis.htm},
  volume = {24},
  year = {1998}
}

@article{cucerzan2007,
    author = {Cucerzan, S.},
    citeulike-article-id = {2251109},
    journal = {EMNLP 2007: Empirical Methods in Natural Language Processing, June 28-30, 2007, Prague, Czech Republic},
    keywords = {named-entities, wikipedia},
    posted-at = {2008-01-18 14:20:07},
    priority = {2},
    title = {{Large-Scale Named Entity Disambiguation Based on Wikipedia Data}},
    year = {2007}
}

@book{global-optimization-algorithms,
                   author = {Thomas Weise},
                   title = {Global Optimization Algorithms - Theory and Application},
                   year = {2009},
                   month = jun # {~26,},
   howpublished                 = {Second},

   edition = {Online as e-book},
                   institution = {University of Kassel, Distributed Systems Group},
   organization                 , = {University of Kassel, Distributed Systems Group},
   publisher = {Self-Published}
                   copyright = {Copyright (c) 2006-2009 Thomas Weise, licensed under GNU FDL},
                   keywords = {Global Optimization, Evolutionary Computation, Evolutionary Algorithms,
                   Genetic Algorithms, Genetic Programming, Evolution Strategy, Learning
                   Classifier Systems, Extremal Optimization, Raindrop Method, Ant Colony
                   Optimization, Particle Swarm Optimization, Downhill Simplex, Simulated
                   Annealing, Hill Climbing, Sigoa, DGPF, Java},
                   language = {en},
                   url = {http://www.it-weise.de/},
                   url = {http://www.sigoa.org/},
                   url = {http://www.vs.uni-kassel.de/staff/researchers/weise/},
                   note = {Online available at http://www.it-weise.de/}
 }

@article{wsd-survey,
    abstract = {Word sense disambiguation (WSD) is the ability to identify the meaning of words in context in a computational manner. WSD is considered an AI-complete problem, that is, a task whose solution is at least as hard as the most difficult problems in artificial intelligence. We introduce the reader to the motivations for solving the ambiguity of words and provide a description of the task. We overview supervised, unsupervised, and knowledge-based approaches. The assessment of WSD systems is discussed in the context of the Senseval/Semeval campaigns, aiming at the objective evaluation of systems participating in several different disambiguation tasks. Finally, applications, open problems, and future directions are discussed.},
    address = {New York, NY, USA},
    author = {Navigli, Roberto},
    citeulike-article-id = {4115796},
    citeulike-linkout-0 = {http://portal.acm.org/citation.cfm?id=1459352.1459355},
    citeulike-linkout-1 = {http://dx.doi.org/10.1145/1459352.1459355},
    doi = {10.1145/1459352.1459355},
    issn = {0360-0300},
    journal = {ACM Comput. Surv.},
    keywords = {ir, semantic, senses},
    number = {2},
    pages = {1--69},
    posted-at = {2009-06-19 09:29:28},
    priority = {3},
    publisher = {ACM},
    title = {Word sense disambiguation: A survey},
    url = {http://dx.doi.org/10.1145/1459352.1459355},
    volume = {41},
    year = {2009}
}

@inproceedings{one_sense_per_discurse,
 author = {Gale, William A. and Church, Kenneth W. and Yarowsky, David},
 title = {One sense per discourse},
 booktitle = {HLT '91: Proceedings of the workshop on Speech and Natural Language},
 year = {1992},
 isbn = {1-55860-272-0},
 pages = {233--237},
 location = {Harriman, New York},
 doi = {http://dx.doi.org/10.3115/1075527.1075579},
 publisher = {Association for Computational Linguistics},
 address = {Morristown, NJ, USA},
 }

@book{wissensrohstoff_text,
    author = {Heyer, Gerhard and Quasthoff, Uwe and Wittig, Thomas},
    citeulike-article-id = {3443135},
    editor = {Balzert, Helmut},
    keywords = {lyrics},
    posted-at = {2008-10-23 12:50:26},
    priority = {2},
    publisher = {W3L-Verlag, Herdecke, Bochum},
    title = {Text Mining: Wissensrohstoff Text},
    year = {2006}
}
***********************************************************************************
http://www.scientificamerican.com/article.cfm?id=the-semantic-web

http://googleblog.blogspot.com/2008/07/we-knew-web-was-big.html

@Comment{example,
  author = {{Universität Leipzig - Fachrichtung Informatik
	- Arbeitsbereich Automatische Sprachverarbeitung}}
}
@Comment{example,
  author = {{Universität Saarbrücken - Fachrichtung Informationswissenschaft
	- Arbeitsbereich Usability Engineering}},
  title = {\textit{Usability-Engineering - Methoden und Verfahren}},
  howpublished = {\url{http://usability.is.uni-sb.de/methoden/nutzer\_methoden.php}},
  note = {zuletzt abgerufen am 06.10.2009},
  key = {WWW2},
  urldate = {27.07.2006} 
}
************************************* YAGO ****************************************
@inproceedings{yago,
  address = {New York, NY, USA},
  author = {Fabian M. Suchanek and Gjergji Kasneci and Gerhard Weikum},
  booktitle = {WWW '07: Proceedings of the 16th international conference on World Wide Web},
  interHash = {1d2c2b23ce2a6754d12c4364e19c574c},
  intraHash = {c19aec2316b0e3b7452c49cc7e3069f8},
  pages = {697--706},
  publisher = {ACM Press},
  title = {Yago: a core of semantic knowledge},
  url = {http://portal.acm.org/citation.cfm?id=1242572.1242667},
  year = {2007},
  location = {Banff, Alberta, Canada},
  isbn = {978-1-59593-654-7},
  doi = {http://doi.acm.org/10.1145/1242572.1242667}
}

@inproceedings{yago2,
  author = {Fabian M. Suchanek and Gjergji Kasneci and Gerhard Weikum},
  title = {YAGO: A Large Ontology from Wikipedia and WordNet},
}

@book{wordnet,
    abstract = {with a preface by George Miller <P>WordNet, an electronic lexical database, is considered to be the most important resource available to researchers in computational linguistics, text analysis, and many related areas. Its design is inspired by current psycholinguistic and computational theories of human lexical memory. English nouns, verbs, adjectives, and adverbs are organized into synonym sets, each representing one underlying lexicalized concept. Different relations link the synonym sets. <P>The purpose of this volume is twofold. First, it discusses the design of WordNet and the theoretical motivations behind it. Second, it provides a survey of representative applications, including word sense identification, information retrieval, selectional preferences of verbs, and lexical chains. <P>Contributors: Reem Al-Halimi, Robert C. Berwick, J. F. M. Burg, Martin Chodorow, Christiane Fellbaum, Joachim Grabowski, Sanda Harabagiu, Marti A. Hearst, Graeme Hirst, Douglas A. Jones, Rick Kazman, Karen T. Kohl, Shari Landes, Claudia Leacock, George A. Miller, Katherine J. Miller, Dan Moldovan, Naoyuki Nomura, Uta Priss, Philip Resnik, David St-Onge, Randee Tengi, Reind P. van de Riet, Ellen Voorhees.},
    author = {Fellbaum},
    day = {15},
    editor = {Fellbaum, Christiane},
    howpublished = {Hardcover},
    isbn = {026206197X},
    keywords = {lexical\_resources, lexicography, semantics, wordnet},
    month = {May},
    posted-at = {2007-11-15 20:28:18},
    priority = {0},
    publisher = {The MIT Press},
    title = {WordNet: An Electronic Lexical Database (Language, Speech, and Communication)},
    url = {http://www.amazon.com/exec/obidos/redirect?tag=citeulike07-20\&path=ASIN/026206197X},
    year = {1998}
}

@InProceedings{tiger1,
  author     =  {Sabine Brants and Stefanie Dipper and Silvia Hansen and Wolfgang Lezius and George Smith},
  year       =  {2002},
  title      =  {The {TIGER} Treebank},
  booktitle  =  "Proceedings of the Workshop on Treebanks and Linguistic Theories",
  address    =  {Sozopol},
  postscript =   "http://www.ims.uni-stuttgart.de/projekte/TIGER/paper/treeling2002.ps.gz",
  pdf =          "http://www.ims.uni-stuttgart.de/projekte/TIGER/paper/treeling2002.pdf",
  keywords   =  {Treebank,German,TIGER}
}

@InProceedings{tiger2,
  author = 	 "Sabine Brants and Silvia Hansen",
  title = 	 "Developments in the TIGER Annotation Scheme and their Realization in the Corpus",
  booktitle = 	 "Proceedings of the Third Conference on Language Resources and Evaluation (LREC 2002)",
  year =	 2002,
  address =	 "Las Palmas",
  pages =        "1643-1649",
  postscript =   "http://www.ims.uni-stuttgart.de/projekte/TIGER/paper/lrec2002-brants-hansen.ps.gz",
  pdf =          "http://www.ims.uni-stuttgart.de/projekte/TIGER/paper/lrec2002-brants-hansen.pdf",
  keywords     = {Treebank,German,TIGER}
}

@book{modern_information_retrieval,
    author = {Baeza-Yates, Ricardo and Ribeiro-Neto, Berthier},
    citeulike-article-id = {217178},
    citeulike-linkout-0 = {http://www.amazon.ca/exec/obidos/redirect?tag=citeulike09-20\&amp;path=ASIN/020139829X},
    citeulike-linkout-1 = {http://www.amazon.de/exec/obidos/redirect?tag=citeulike01-21\&amp;path=ASIN/020139829X},
    citeulike-linkout-2 = {http://www.amazon.fr/exec/obidos/redirect?tag=citeulike06-21\&amp;path=ASIN/020139829X},
    citeulike-linkout-3 = {http://www.amazon.jp/exec/obidos/ASIN/020139829X},
    citeulike-linkout-4 = {http://www.amazon.co.uk/exec/obidos/ASIN/020139829X/citeulike00-21},
    citeulike-linkout-5 = {http://www.amazon.com/exec/obidos/redirect?tag=citeulike07-20\&path=ASIN/020139829X},
    citeulike-linkout-6 = {http://www.worldcat.org/isbn/020139829X},
    citeulike-linkout-7 = {http://books.google.com/books?vid=ISBN020139829X},
    citeulike-linkout-8 = {http://www.amazon.com/gp/search?keywords=020139829X\&index=books\&linkCode=qs},
    citeulike-linkout-9 = {http://www.librarything.com/isbn/020139829X},
    day = {15},
    edition = {1st},
    howpublished = {Paperback},
    isbn = {020139829X},
    keywords = {datamining, hypertext, indexing, information\_retrieval, metadata, search},
    month = {May},
    posted-at = {2006-05-22 12:18:01},
    priority = {2},
    publisher = {Addison Wesley},
    title = {Modern Information Retrieval},
    url = {http://www.amazon.com/exec/obidos/redirect?tag=citeulike07-20\&path=ASIN/020139829X},
    year = {1999}
}

@inproceedings{tag_disambiguation_dbpedia,
  author = {Andres Garcia and Martin Szomszor and Harith Alani and Oscar Corcho},
  booktitle = {Knowledge Capture (K-Cap'09) - First International Workshop on Collective Knowledge Capturing and Representation - CKCaR'09},
  interhash = {5da3fa037c8f1bc0b4a6255a46e08077},
  intrahash = {dfe0fee496a65763bcfae4070ffcf47e},
  title = {Preliminary Results in Tag Disambiguation using DBpedia },
  url = {http://eprints.ecs.soton.ac.uk/17792/},
  year = 2009,
  keywords = {dbpedia disambiguation lod sys:relevantFor:hpi.sw tag},
  biburl = {http://www.bibsonomy.org/bibtex/2dfe0fee496a65763bcfae4070ffcf47e/yovisto},
  month = {September},
  abstract = {The availability of tag-based user-generated content for a variety of Web resources (music, photos, videos, text, etc.) has largely increased in the last years. Users can assign tags freely and then use them to share and retrieve information. However, tag-based sharing and retrieval is not optimal due to the fact that tags are plain text labels without an explicit or formal meaning, and hence polysemy and synonymy should be dealt with appropriately. To ameliorate these problems, we propose a context-based tag disambiguation algorithm that selects the meaning of a tag among a set of candidate DBpedia entries, using a common information retrieval similarity measure. The most similar DBpedia en-try is selected as the one representing the meaning of the tag. We describe and analyze some preliminary results, and discuss about current challenges in this area.}
}

@inproceedings{cucerzan07,
  author = {Silviu Cucerzan},
  booktitle = {Proceedings of EMNLP-CoNLL 2007},
  interhash = {87b9ac8996ae301051b7382f7bda9cb5},
  intrahash = {23ede35d6d952febac1530873268a50e},
  pages = {708–716},
  title = {Large-Scale Named Entity Disambiguation Based on Wikipedia Data},
  year = 2007,
  keywords = {disambiguation entitity name},
  biburl = {http://www.bibsonomy.org/bibtex/223ede35d6d952febac1530873268a50e/pitman},
  abstract = {This paper presents a large-scale system for the recognition and semantic disambiguation of named entities based on information extracted from a large encyclopedic collection and Web search results. It describes in detail the disambiguation paradigm employed and the information extraction process from Wikipedia. Through a process of maximizing the agreement between the contextual information extracted from Wikipedia and the context of a document, as well as the agreement among the category tags associated with the candidate entities, the implemented system shows high disambiguation accuracy on both news stories and Wikipedia articles.}
}

